
@misc{cppreference,
  title = {C++ reference},
  howpublished = {\url{https://en.cppreference.com/w/}},
  note = {Accessed: 08.03.2020}
}

@misc{khronosvulkan,
  title = {Khronos Group, Vulkan},
  howpublished = {\url{https://www.khronos.org/vulkan/}},
  note = {Accessed: 20.01.2021}
}

@misc{cudaSiftRepo,
  title = {CudaSift repository},
  howpublished = {\url{https://github.com/Celebrandil/CudaSift}},
  note = {Accessed: 20.01.2021}
}

@misc{nvidiaCuda,
  title = {Nvidia CUDA},
  howpublished = {\url{https://developer.nvidia.com/cuda-zone}},
  note = {Accessed: 20.01.2021}
}

@misc{siftpatent,
  title = {SIFT patent information},
  howpublished = {\url{https://patents.google.com/patent/US6711293}},
  note = {Accessed: 02.08.2020}
}

@misc{siftpaper,
  title = {Object recognition from local scale-invariant features},
  howpublished = {\url{https://www.cs.ubc.ca/~lowe/papers/iccv99.pdf}},
  note = {Accessed: 02.08.2020}
}

@misc{vulkanspec,
  title = {Vulkan 1.0 Specification},
  howpublished = {\url{https://www.khronos.org/registry/vulkan/specs/1.0/html/vkspec.html}},
  note = {Accessed: 02.08.2020}
}

@misc{openCLspir,
  title = {OpenCL C 1.2 Language on Vulkan},
  howpublished = {\url{https://github.com/google/clspv/blob/master/docs/OpenCLCOnVulkan.md}},
  note = {Accessed: 02.08.2020}
}


@misc{opengll4t,
  title = {OpenGL 4.6 on L4T},
  howpublished = {\url{https://developer.nvidia.com/embedded/linux-tegra-r282}},
  note = {Accessed: 02.08.2020}
}


@misc{vulkanamd,
  title = {AMD Vulkan Graphics API},
  howpublished = {\url{https://www.amd.com/en/technologies/vulkan}},
  note = {Accessed: 02.08.2020}
}

@misc{saschawillems,
  title = {SaschaWillems/Vulkan on Github},
  howpublished = {\url{https://github.com/SaschaWillems/Vulkan}},
  note = {Accessed: 02.08.2020}
}

@misc{vulkantutorial,
  title = {vulkan-tutorial.com by Alexander Overvoorde},
  howpublished = {\url{https://vulkan-tutorial.com/}},
  note = {Accessed: 02.08.2020}
}

@misc{vulkantutgithub,
  title = {Alexander Overvoorde/VulkanTutorial on Github},
  howpublished = {\url{https://github.com/Overv/VulkanTutorial}},
  note = {Accessed: 02.08.2020}
}

@misc{HDMI2CSI,
  title = {HPMM Blogpost regarding HDMI2CSI board},
  howpublished = {\url{https://blog.zhaw.ch/high-performance/2016/05/20/4k-hdmi-to-csi-interface-for-tx1-evalboard/}},
  note = {Accessed: 02.08.2020}
}

@misc{CUDAVulkan,
  title = {CUDA SDK Release notes},
  howpublished = {\url{https://docs.nvidia.com/cuda/cuda-samples/index.html#new-features-in-cuda-toolkit-10-1-update-2}},
  note = {Accessed: 03.08.2020}
}

@misc{VulkanGetDeviceProcAddr,
  title = {GetDeviceProcAddr Manpage},
  howpublished = {\url{https://www.khronos.org/registry/vulkan/specs/1.2-extensions/man/html/vkGetDeviceProcAddr.html}},
  note = {Accessed: 21.01.2021}
}

@MastersThesis{DirectDMA,
    author     =     {Philipp Huber},
    title     =     {{FPGA-GPU Co-Design}},
    school     =     {ZHAW, Zurich University of Applied Sciences},
    address     =     {Switerzland},
    year     =     {2019},
    }

@MastersThesis{groo:Thesis:2020,
    author     =     {Alexey Gromov},
    title     =     {{Optimal Platform for Embedded Supercomputers}},
    school     =     {ZHAW, Zurich University of Applied Sciences},
    address     =     {Switerzland},
    year     =     {2020},
    }

@SemesterThesis{wegr:VT1:2020,
    author     =     {Marcel Wegmann},
    title     =     {{Real-time multi-platform 3D-image processing using Vulkan}},
    school     =     {ZHAW, Zurich University of Applied Sciences},
    address     =     {Switerzland},
    year     =     {2020},
    }

@article{CudaSiftPublication,
  author          = {M. Björkman, N. Bergström and D. Kragic},
  title           = {Detecting, segmenting and tracking unknown objects using multi-label MRF inference},
  journal         = {CVIU},
  volume          = {},
  number          = {118},
  year            = {2014}
}

@article{MultiTemporal,
  author          = {Zhuoqian Yang, Tingting Dan, Yang Yang},
  title           = {Multi-Temporal Remote Sensing Image Registration Using Deep Convolutional Features},
  journal         = {IEEE Access},
  volume          = {6},
  number          = {},
  year            = {2018}
}

@article{DeepMatching,
  author          = {Zhen Zhang, Wee Sun Lee},
  title           = {Deep Graphical Feature Learning for the Feature Matching Problem},
  journal         = {IEEE Xplore},
  volume          = {},
  number          = {},
  year            = {2019}
}